
\endinput

%%%%%%%%%%%%%%%%%%%%%%%%%%%%%%%%%%%%%%%%%%%%%%%%%%%%%%%%%%%%%%%%%%%%%%%%%%%%%%%%
%                                                                              %
%	Books                                                                      %
%                                                                              %
%%%%%%%%%%%%%%%%%%%%%%%%%%%%%%%%%%%%%%%%%%%%%%%%%%%%%%%%%%%%%%%%%%%%%%%%%%%%%%%%

@book{H2010,
    title = {Foundations of XML Processing: The Tree-Automata Approach}, 
    author = {H. Hosoya},
    year = {2010},

    place={Cambridge}, 
    publisher={Cambridge University Press}, 
}

%%%%%%%%%%%%%%%%%%%%%%%%%%%%%%%%%%%%%%%%%%%%%%%%%%%%%%%%%%%%%%%%%%%%%%%%%%%%%%%%
%                                                                              %
%	Articles                                                                   %
%                                                                              %
%%%%%%%%%%%%%%%%%%%%%%%%%%%%%%%%%%%%%%%%%%%%%%%%%%%%%%%%%%%%%%%%%%%%%%%%%%%%%%%%

@article{AAAM2019,
	title = {Reachability in Database-Driven Systems with Numerical Attributes under Recency Bounding},
	author = {P. A. Abdulla and C. Aiswarya and M. F. Atig and M. Montali},
	year = {2019},
	journal = {Proceedings of the 38th ACM SIGMOD-SIGACT-SIGAI Symposium on Principles of Database Systems},
	editor = {Dan Suciu and Sebastian Skritek and Christoph Koch},
	series = {PODS'19},
	pages = {335--352},
	publisher = {ACM},
	doi = {10.1145/3294052.3319705},
}

@article{DHLV2018,
	title = {Automatic Verification of Database-Centric Systems},
	author = {A. Deutsch and R. Hull and Y. Li and V. Vianu},
	year = {2018},
	journal = {ACM SIGLOG News},

	issue_date = {April 2018},
	publisher = {Association for Computing Machinery},
	address = {New York, NY, USA},
	volume = {5},
	number = {2},
	url = {https://doi.org/10.1145/3212019.3212025},
	doi = {10.1145/3212019.3212025},
	month = {April},
	pages = {37--56},
	numpages = {20}
}

@article{DDV2012,
	title = {Artifact Systems with Data Dependencies and Arithmetic},
	author = {E. Damaggio and A. Deutsch and V. Vianu},
	year = {2012},
	journal = {ACM Trans. Database Syst.},

	issue_date = {August 2012},
	publisher = {Association for Computing Machinery},
	address = {New York, NY, USA},
	volume = {37},
	number = {3},
	issn = {0362-5915},
	url = {https://doi.org/10.1145/2338626.2338628},
	doi = {10.1145/2338626.2338628},
	month = {sep},
	articleno = {22},
	numpages = {36}
}

@article{DF1995,
	title = {Fixed-Parameter Tractability and Completeness II: On Completeness for W[1]},
	author = {R. G. Downey and M. R. Fellows},
	year = {1995},
	journal = {Theoretical Computer Science},

	volume = {141},
	number = {1},
	pages = {109--131},
	issn = {0304-3975},
	doi = {https://doi.org/10.1016/0304-3975(94)00097-3},
}

@article{FRRST2018,
	title = {Visibly Pushdown Transducers},
	author = {E. Filiot and J.{-}F. Raskin and P.{-}A. Reynier and F. Servais and J.{-}M. Talbot},
	year = {2018},
	journal = {J. Comput. Syst. Sci.},

	volume    = {97},
	pages     = {147--181},
	url       = {https://doi.org/10.1016/j.jcss.2018.05.002},
	doi       = {10.1016/j.jcss.2018.05.002}
}

@article{DVLM2015,
    title = {Fast: A Transducer-Based Language for Tree Manipulation},
    author = {L. D'antoni and M. Veanes and B. Livshits and D. Molnar},
    year = {2015},
    journal = {ACM Trans. Program. Lang. Syst.},

    issue_date = {October 2015},
    publisher = {Association for Computing Machinery},
    address = {New York, NY, USA},
    volume = {38},
    number = {1},
    issn = {0164-0925},
    url = {https://doi.org/10.1145/2791292},
    doi = {10.1145/2791292},
    month = {oct},
    articleno = {1}
}

@article{N1968,
    title = {Transductions des langages de Chomsky},
    author = {M. Nivat},
    year = {1968},
    journal = {Annales de l'Institut Fourier},

    pages = {339--455},
    publisher = {Institut Fourier},
    address = {Grenoble},
    volume = {18},
    number = {1},
    doi = {10.5802/aif.287},
    mrnumber = {38 #6909},
    zbl = {0313.68065},
    language = {fr},
    url = {http://www.numdam.org/articles/10.5802/aif.287/}
}

@article{E1975,
    title = {Bottom-up and Top-down Tree Transformations - A Comparison},
    author = {J. Engelfriet},
    year = {1975},
    journal = {Mathematical Systems Theory},

    month = {06},
    pages = {198-231},
    volume = {9},
    doi = {10.1007/BF01704020}
}

@article{G1968, 
	title = {The Unsolvability of the Equivalence Problem for $\Lambda$-Free Nondeterministic Generalized Machines}, 
	author = {T. V. Griffiths}, 
	year = {1968}, 
	journal = {J. ACM}, 

	issue_date = {July 1968}, 
	publisher = {Association for Computing Machinery}, 
	address = {New York, NY, USA}, 
	volume = {15}, 
	number = {3}, 
	issn = {0004-5411}, 
	url = {https://doi.org/10.1145/321466.321473}, 
	doi = {10.1145/321466.321473}, 
	month = {jul}, 
	pages = {409--413}, 
	numpages = {5} 
}

@article{ADA2017,
	title = {Streaming Tree Transducers},
	author = {R. Alur and L. D'Antoni},
	year = {2017},
	journal = {J. ACM},

	issue_date = {October 2017},
	publisher = {Association for Computing Machinery},
	address = {New York, NY, USA},
	volume = {64},
	number = {5},
	issn = {0004-5411},
	url = {https://doi.org/10.1145/3092842},
	doi = {10.1145/3092842},
	month = {aug},
	articleno = {31},
	numpages = {55},
	keywords = {tree transducers, Nested words}
}

@article{EV1985,
	title = {Macro Tree Transducers},
	author = {J. Engelfriet and H. Vogler},
	year = {1985},
	journal = {Journal of Computer and System Sciences},

	volume = {31},
	number = {1},
	pages = {71-146},
	issn = {0022-0000},
	doi = {https://doi.org/10.1016/0022-0000(85)90066-2},
	url = {https://www.sciencedirect.com/science/article/pii/0022000085900662},
}


%%%%%%%%%%%%%%%%%%%%%%%%%%%%%%%%%%%%%%%%%%%%%%%%%%%%%%%%%%%%%%%%%%%%%%%%%%%%%%%%
%                                                                              %
%	Proceedings                                                                %
%                                                                              %
%%%%%%%%%%%%%%%%%%%%%%%%%%%%%%%%%%%%%%%%%%%%%%%%%%%%%%%%%%%%%%%%%%%%%%%%%%%%%%%%


@inproceedings{AM2004,
	title = {Visibly Pushdown Languages},
	author = {R. Alur and P. Madhusudan},
	year = {2004},
	booktitle = {Proceedings of the Thirty-Sixth Annual ACM Symposium on Theory of Computing},

	isbn = {1581138520},
	publisher = {Association for Computing Machinery},
	address = {New York, NY, USA},
	doi = {10.1145/1007352.1007390},
	pages = {202--211},
	numpages = {10},
	location = {Chicago, IL, USA},
	series = {STOC '04}
}

@inproceedings{K1977,
	title = {Lower Bounds for Natural Proof Systems}, 
	author = {D. Kozen},
	year = {1977},
	booktitle = {18th Annual Symposium on Foundations of Computer Science (SFCS 1977)}, 

	volume={},
	number={},
	pages={254-266},
	doi={10.1109/SFCS.1977.16}
}

@inproceedings{DLV2016,
	title = {Verification of Hierarchical Artifact Systems},
	author = {A. Deutsch and Y. Li and V. Vianu},
	year = {2016},
	booktitle = {Proceedings of the 35th ACM SIGMOD-SIGACT-SIGAI Symposium on Principles of Database Systems},

	isbn = {9781450341912},
	publisher = {Association for Computing Machinery},
	address = {New York, NY, USA},
	url = {https://doi.org/10.1145/2902251.2902275},
	doi = {10.1145/2902251.2902275},
	pages = {179–194},
	numpages = {16},
	keywords = {data-centric workflows, business process management, verification, temporal logic},
	location = {San Francisco, California, USA},
	series = {PODS '16}
}

@inproceedings{DHPV2009,
	title = {Automatic Verification of Data-Centric Business Processes},
	author = {A. Deutsch and R. Hull and F. Patrizi and V. Vianu},
	year = {2009},
	booktitle = {Proceedings of the 12th International Conference on Database Theory},

	isbn = {9781605584232},
	publisher = {Association for Computing Machinery},
	address = {New York, NY, USA},
	url = {https://doi.org/10.1145/1514894.1514924},
	doi = {10.1145/1514894.1514924},
	pages = {252–267},
	numpages = {16},
	location = {St. Petersburg, Russia},
	series = {ICDT '09}
}

@inproceedings{AAAMR2016,
	title = {Recency-Bounded Verification of Dynamic Database-Driven Systems},
	author = {P. A. Abdulla and C. Aiswarya and M. F. Atig and M. Montali and O. Rezine},
	year = {2016},
	booktitle = {Proceedings of the 35th {ACM} {SIGMOD-SIGACT-SIGAI} Symposium on Principles	of Database Systems},

	editor    = {Tova Milo and Wang{-}Chiew Tan},
	pages     = {195--210},
	publisher = {{ACM}},
	series = {PODS '16},
	url       = {https://doi.org/10.1145/2902251.2902300},
	doi       = {10.1145/2902251.2902300}
}

@inproceedings{HCDGDM2013,
	title = {Verification of Relational Data-Centric Dynamic Systems with External Services},
	author = {B. B. Hariri and D. Calvanese and G. De Giacomo and A. Deutsch and M. Montali},
	year = {2013},
	booktitle = {Proceedings of the 32nd ACM SIGMOD-SIGACT-SIGAI Symposium on Principles of Database Systems},

	isbn = {9781450320665},
	publisher = {Association for Computing Machinery},
	address = {New York, NY, USA},
	url = {https://doi.org/10.1145/2463664.2465221},
	doi = {10.1145/2463664.2465221},
	pages = {163--174},
	numpages = {12},
	location = {New York, New York, USA},
	series = {PODS '13}
}

@inproceedings{A2011,
	title = {Streaming String Transducers},
	author = {R. Alur},
	year = {2011},
	booktitle = {Logic, Language, Information and Computation},

	editor="Beklemishev, Lev D. and de Queiroz, Ruy",
	publisher="Springer Berlin Heidelberg",
	address="Berlin, Heidelberg",
	pages="1--1",
	doi = "10.1007/978-3-642-20920-8_1"
}

@inproceedings{MSV2000,
    title = {Typechecking for XML transformers},
    author = {T. Milo and D. Suciu and V. Vianu},
    year = {2000},
    booktitle = {Proceedings of the Nineteenth ACM SIGMOD-SIGACT-SIGART Symposium on Principles of Database Systems},

    isbn = {158113214X},
    publisher = {Association for Computing Machinery},
    address = {New York, NY, USA},
    url = {https://doi.org/10.1145/335168.335171},
    doi = {10.1145/335168.335171},
    pages = {11--22},
    numpages = {12},
    series = {PODS '00}
}

@inproceedings{K1998,
    title = {Benefits of Tree Transducers for Optimizing Functional Programs},
    author = {A. K{\"u}hnemann},
    year = {1998},
    booktitle = {Foundations of Software Technology and Theoretical Computer Science},

    editor = {V. Arvind and S. Ramanujam},
    publisher="Springer Berlin Heidelberg",
    address="Berlin, Heidelberg",
    pages = {146--157}
}

@inproceedings{AMP2022,
    title = {Checking Regular Invariance Under Tightly-Controlled String Modifications},
    author = {C. Aiswarya and S. Mhaskar and M. Praveen},
    year = {2022},
    booktitle = {Developments in Language Theory: 26th International Conference, DLT 2022, Tampa, FL, USA, May 9–13, 2022, Proceedings},

    isbn = {978-3-031-05577-5},
    publisher = {Springer-Verlag},
    address = {Berlin, Heidelberg},
    url = {https://doi.org/10.1007/978-3-031-05578-2_4},
    doi = {10.1007/978-3-031-05578-2_4},
    pages = {57--68},
    numpages = {12},
    location = {Tampa, FL, USA}
}

@InProceedings{B2014,
	title = {Transducers with Origin Information},
	author = {M. Boja{\'{n}}czyk},
	year = {2014},
	booktitle = {Automata, Languages, and Programming},

	editor = {J. Esparza and P. Fraigniaud and T. Husfeldt and E. Koutsoupias},
	publisher = {Springer Berlin Heidelberg},
	address = {Berlin, Heidelberg},
	pages = {26--37}
}

@inproceedings{S1978,
    title = {The Complexity of Satisfiability Problems},
    author = {T. J. Schaefer},
    year = {1978},
    booktitle = {Proceedings of the 10th Annual {ACM} Symposium on Theory of Computing},

    editor       = {Richard J. Lipton and Walter A. Burkhard and Walter J. Savitch and Emily P. Friedman and Alfred V. Aho},
    pages        = {216--226},
    publisher    = {{ACM}},
    url          = {https://doi.org/10.1145/800133.804350},
    doi          = {10.1145/800133.804350},
    timestamp    = {Tue, 06 Nov 2018 11:07:06 +0100},
    biburl       = {https://dblp.org/rec/conf/stoc/Schaefer78.bib},
    bibsource    = {dblp computer science bibliography, https://dblp.org}
}


%%%%%%%%%%%%%%%%%%%%%%%%%%%%%%%%%%%%%%%%%%%%%%%%%%%%%%%%%%%%%%%%%%%%%%%%%%%%%%%%
%                                                                              %
%	Miscellaneous                                                              %
%                                                                              %
%%%%%%%%%%%%%%%%%%%%%%%%%%%%%%%%%%%%%%%%%%%%%%%%%%%%%%%%%%%%%%%%%%%%%%%%%%%%%%%%

@misc{Zookeeper,
	title = {{A}pache {Z}oo{K}eeper\textsuperscript{\textsc{TM}}},
	key = {Zookeeper},

	howpublished = {\url{https://zookeeper.apache.org/}},
	note = {Accessed: 2021-01-21}
}
