@inproceedings{matchingProblemLowerBound,
	title = {Matching Patterns with Variables},
	author = {F. Manea and M. L. Schmid},
	year = {2019},
	booktitle = {Combinatorics on Words},

	editor = {Merca{\c{s}}, Robert and Reidenbach, Daniel},
	publisher="Springer International Publishing",
	address="Cham",
	pages="1--27",
	isbn="978-3-030-28796-2"
}

@inproceedings{oneInThreeSatIsNpHard,
    title = {Reducibility among Combinatorial Problems},
    author = {R. M. Karp},
    year = {1972},
    booktitle = {Complexity of Computer Computations: Proceedings of a symposium on the Complexity of Computer Computations},
}

@book{tata,
	title = {Tree Automata Techniques and Applications},
	author = {H. Comon and M. Dauchet and R. Gilleron and F. Jacquemard and D. Lugiez and C. L{\"o}ding and S. Tison and M. Tommasi},
	year = {2008},

	url = {https://inria.hal.science/hal-03367725},
	pages = {262},
	pdf = {https://inria.hal.science/hal-03367725/file/tata.pdf},
	hal_id = {hal-03367725},
	hal_version = {v1},
	publisher = {Springer US},
}
